@online{AdvanceLocomotionSystemV4,
    title = {Advance Locomotion System V4},
    author = {Longmire},
    url = {https://www.fab.com/listings/ef9651a4-fb55-4866-a2d9-1b38b028f9c7},
    urldate = {2025-02-14},
    date = {2017-01-27}
}

@online{MultiAgentHideandSeek,
    title = {Multi-Agent Hide and Seek},
    author = {OpenAI},
    url = {https://www.youtube.com/watch?v=kopoLzvh5jY},
    urldate = {2025-02-14},
    date = {2019-09-17}
}

@online{ProgrammedSomeCreatures,
    title = {I programmed some creatures},
    author = {David Randall Miller},
    url = {https://www.youtube.com/watch?v=N3tRFayqVtk&t=2368s},
    urldate = {2025-02-14},
    date = {2020-12-13}
}

@online{HowToCreateEpicProceduralDungeons,
    title = {How To Create Epic Procedural Dungeons},
    author = {Ronnie Ree},
    url = {https://www.youtube.com/watch?v=4ddbnQIuwAM},
    urldate = {2025-02-14},
    date = {2024-05-22}
}

@online{IRewroteMyDungeonGenerator,
    title = {I rewrote my dungeon generator!},
    author = {Jacob},
    url = {https://www.youtube.com/watch?v=NpS5v_Tg4Bw&t=200s},
    urldate = {2025-02-14},
    date = {2023-07-29}
}

@online{BreadthFirstSearch,
    title = {Breadth First Search or BFS for a Graph},
    author = {GeeksForGeeks},
    url = {https://www.geeksforgeeks.org/breadth-first-search-or-bfs-for-a-graph/},
    urldate = {2025-02-05},
    date = {2025-02-27}
}

@online{AStarAlgorithm,
    title = {A* Search Algorithm},
    author = {GeeksForGeeks},
    url = {https://www.geeksforgeeks.org/a-search-algorithm/},
    urldate = {2025-02-14},
    date = {2024-07-30}
}

@online{NeatAlgorithm,
    title = {Evolving AIS using a NEAT algorithm},
    author = {Robert MacWha},
    url = {https://www.geeksforgeeks.org/a-search-algorithm/},
    urldate = {2025-03-30},
    date = {2021-03-04}
}

@online{GeneticAlgorithm,
    title = {Genetic algorithms},
    author = {GeeksforGeeks},
    url = {https://www.geeksforgeeks.org/genetic-algorithms/},
    urldate = {2025-03-30},
    date = {2021-03-08}
}
